%YAML 1.1
%TAG !u! tag:unity3d.com,2011:
--- !u!1 &250715737109321303
GameObject:
  m_ObjectHideFlags: 0
  m_CorrespondingSourceObject: {fileID: 0}
  m_PrefabInstance: {fileID: 0}
  m_PrefabAsset: {fileID: 0}
  serializedVersion: 6
  m_Component:
  - component: {fileID: 2390953395311020280}
  - component: {fileID: 3201497151165979014}
  - component: {fileID: 1092774601360464224}
  - component: {fileID: 5275918685563055286}
  m_Layer: 5
  m_Name: Canvas
  m_TagString: Untagged
  m_Icon: {fileID: 0}
  m_NavMeshLayer: 0
  m_StaticEditorFlags: 0
  m_IsActive: 0
--- !u!224 &2390953395311020280
RectTransform:
  m_ObjectHideFlags: 0
  m_CorrespondingSourceObject: {fileID: 0}
  m_PrefabInstance: {fileID: 0}
  m_PrefabAsset: {fileID: 0}
  m_GameObject: {fileID: 250715737109321303}
  m_LocalRotation: {x: -0, y: 0, z: -0, w: 1}
  m_LocalPosition: {x: 0, y: 0, z: 0}
  m_LocalScale: {x: 1, y: 1, z: 1}
  m_Children:
  - {fileID: 1293388713750278211}
  - {fileID: 7903705035787638716}
  m_Father: {fileID: 1940414124404587769}
  m_RootOrder: 1
  m_LocalEulerAnglesHint: {x: 0, y: 0, z: 0}
  m_AnchorMin: {x: 0, y: 0}
  m_AnchorMax: {x: 0, y: 0}
  m_AnchoredPosition: {x: 0, y: 0.75}
  m_SizeDelta: {x: 1, y: 1}
  m_Pivot: {x: 0.5, y: 0.5}
--- !u!223 &3201497151165979014
Canvas:
  m_ObjectHideFlags: 0
  m_CorrespondingSourceObject: {fileID: 0}
  m_PrefabInstance: {fileID: 0}
  m_PrefabAsset: {fileID: 0}
  m_GameObject: {fileID: 250715737109321303}
  m_Enabled: 1
  serializedVersion: 3
  m_RenderMode: 2
  m_Camera: {fileID: 0}
  m_PlaneDistance: 100
  m_PixelPerfect: 0
  m_ReceivesEvents: 1
  m_OverrideSorting: 0
  m_OverridePixelPerfect: 0
  m_SortingBucketNormalizedSize: 0
  m_AdditionalShaderChannelsFlag: 0
  m_SortingLayerID: 0
  m_SortingOrder: 0
  m_TargetDisplay: 0
--- !u!114 &1092774601360464224
MonoBehaviour:
  m_ObjectHideFlags: 0
  m_CorrespondingSourceObject: {fileID: 0}
  m_PrefabInstance: {fileID: 0}
  m_PrefabAsset: {fileID: 0}
  m_GameObject: {fileID: 250715737109321303}
  m_Enabled: 1
  m_EditorHideFlags: 0
  m_Script: {fileID: 11500000, guid: 0cd44c1031e13a943bb63640046fad76, type: 3}
  m_Name: 
  m_EditorClassIdentifier: 
  m_UiScaleMode: 0
  m_ReferencePixelsPerUnit: 100
  m_ScaleFactor: 1
  m_ReferenceResolution: {x: 800, y: 600}
  m_ScreenMatchMode: 0
  m_MatchWidthOrHeight: 0
  m_PhysicalUnit: 3
  m_FallbackScreenDPI: 96
  m_DefaultSpriteDPI: 96
  m_DynamicPixelsPerUnit: 1
--- !u!114 &5275918685563055286
MonoBehaviour:
  m_ObjectHideFlags: 0
  m_CorrespondingSourceObject: {fileID: 0}
  m_PrefabInstance: {fileID: 0}
  m_PrefabAsset: {fileID: 0}
  m_GameObject: {fileID: 250715737109321303}
  m_Enabled: 1
  m_EditorHideFlags: 0
  m_Script: {fileID: 11500000, guid: 65f5e0655c2d8bf48a9cf971d2312608, type: 3}
  m_Name: 
  m_EditorClassIdentifier: 
  targetNameOverride: Pawn
  target: {fileID: 0}
  lockX: 0
  lockY: 0
  lockZ: 0
  distAdaptCurve:
    serializedVersion: 2
    m_Curve: []
    m_PreInfinity: 2
    m_PostInfinity: 2
    m_RotationOrder: 4
  maxDist: 0
  maxSpeed: 0
  activated: 1
  rotationEvent:
    idInternal: 0
    valueGuidInternal: 
    WwiseObjectReference: {fileID: 0}
  rotateEventOnLook: 0
--- !u!1 &3220966167968206827
GameObject:
  m_ObjectHideFlags: 0
  m_CorrespondingSourceObject: {fileID: 0}
  m_PrefabInstance: {fileID: 0}
  m_PrefabAsset: {fileID: 0}
  serializedVersion: 6
  m_Component:
  - component: {fileID: 7903705035787638716}
  - component: {fileID: 1066531910780762042}
  - component: {fileID: 5928029447518212572}
  - component: {fileID: 7103551461223201313}
  m_Layer: 5
  m_Name: Status
  m_TagString: Untagged
  m_Icon: {fileID: 0}
  m_NavMeshLayer: 0
  m_StaticEditorFlags: 0
  m_IsActive: 1
--- !u!224 &7903705035787638716
RectTransform:
  m_ObjectHideFlags: 0
  m_CorrespondingSourceObject: {fileID: 0}
  m_PrefabInstance: {fileID: 0}
  m_PrefabAsset: {fileID: 0}
  m_GameObject: {fileID: 3220966167968206827}
  m_LocalRotation: {x: 0, y: 0, z: 0, w: 1}
  m_LocalPosition: {x: 0, y: 0, z: 0}
  m_LocalScale: {x: 1, y: 1, z: 1}
  m_Children: []
  m_Father: {fileID: 2390953395311020280}
  m_RootOrder: 1
  m_LocalEulerAnglesHint: {x: 0, y: 0, z: 0}
  m_AnchorMin: {x: 0, y: 0}
  m_AnchorMax: {x: 1, y: 1}
  m_AnchoredPosition: {x: 0, y: 0}
  m_SizeDelta: {x: -0.5, y: -0.49999997}
  m_Pivot: {x: 0.5, y: 0.5}
--- !u!222 &1066531910780762042
CanvasRenderer:
  m_ObjectHideFlags: 0
  m_CorrespondingSourceObject: {fileID: 0}
  m_PrefabInstance: {fileID: 0}
  m_PrefabAsset: {fileID: 0}
  m_GameObject: {fileID: 3220966167968206827}
  m_CullTransparentMesh: 0
--- !u!114 &5928029447518212572
MonoBehaviour:
  m_ObjectHideFlags: 0
  m_CorrespondingSourceObject: {fileID: 0}
  m_PrefabInstance: {fileID: 0}
  m_PrefabAsset: {fileID: 0}
  m_GameObject: {fileID: 3220966167968206827}
  m_Enabled: 1
  m_EditorHideFlags: 0
  m_Script: {fileID: 11500000, guid: fe87c0e1cc204ed48ad3b37840f39efc, type: 3}
  m_Name: 
  m_EditorClassIdentifier: 
  m_Material: {fileID: 0}
  m_Color: {r: 1, g: 1, b: 1, a: 1}
  m_RaycastTarget: 1
  m_OnCullStateChanged:
    m_PersistentCalls:
      m_Calls: []
  m_Sprite: {fileID: 21300000, guid: ee144f92cb72cbd4a8d56e8518f392d9, type: 3}
  m_Type: 0
  m_PreserveAspect: 0
  m_FillCenter: 1
  m_FillMethod: 4
  m_FillAmount: 1
  m_FillClockwise: 1
  m_FillOrigin: 0
  m_UseSpriteMesh: 0
  m_PixelsPerUnitMultiplier: 1
--- !u!95 &7103551461223201313
Animator:
  serializedVersion: 3
  m_ObjectHideFlags: 0
  m_CorrespondingSourceObject: {fileID: 0}
  m_PrefabInstance: {fileID: 0}
  m_PrefabAsset: {fileID: 0}
  m_GameObject: {fileID: 3220966167968206827}
  m_Enabled: 1
  m_Avatar: {fileID: 0}
  m_Controller: {fileID: 9100000, guid: dc1efbde5d835114191b5c6ac21583d5, type: 2}
  m_CullingMode: 0
  m_UpdateMode: 0
  m_ApplyRootMotion: 0
  m_LinearVelocityBlending: 0
  m_WarningMessage: 
  m_HasTransformHierarchy: 1
  m_AllowConstantClipSamplingOptimization: 1
  m_KeepAnimatorControllerStateOnDisable: 0
--- !u!65 &692994736254539359
BoxCollider:
  m_ObjectHideFlags: 0
  m_CorrespondingSourceObject: {fileID: 0}
  m_PrefabInstance: {fileID: 0}
  m_PrefabAsset: {fileID: 0}
  m_GameObject: {fileID: 3222014944532745962}
  m_Material: {fileID: 0}
  m_IsTrigger: 0
  m_Enabled: 1
  serializedVersion: 2
  m_Size: {x: 0.33529478, y: 0.25747657, z: 0.39445883}
  m_Center: {x: -0.000000037252903, y: -0.00087904185, z: 0.00000011175871}
--- !u!114 &5835177461381968423
MonoBehaviour:
  m_ObjectHideFlags: 0
  m_CorrespondingSourceObject: {fileID: 0}
  m_PrefabInstance: {fileID: 0}
  m_PrefabAsset: {fileID: 0}
  m_GameObject: {fileID: 3222014944532745962}
  m_Enabled: 1
  m_EditorHideFlags: 0
  m_Script: {fileID: 11500000, guid: 5ca0f26865735ce47aa39c8ce8a371fa, type: 3}
  m_Name: 
  m_EditorClassIdentifier: 
  user: {fileID: 0}
  useModality: 2
  maxUse: 0
  onTryInteract:
    m_PersistentCalls:
      m_Calls: []
  onTryEnabled: 1
  tryInteractEvent:
    idInternal: 0
    valueGuidInternal: 
    WwiseObjectReference: {fileID: 0}
  onSuccesInteract:
    m_PersistentCalls:
      m_Calls: []
  onSuccesEnabled: 1
  successInteractEvent:
    idInternal: 0
    valueGuidInternal: 
    WwiseObjectReference: {fileID: 0}
  onFailInteract:
    m_PersistentCalls:
      m_Calls: []
  onFailEnabled: 1
  failInteractEvent:
    idInternal: 0
    valueGuidInternal: 
    WwiseObjectReference: {fileID: 0}
  blockPawn: 1
  reverbRTPC:
    idInternal: 0
    valueGuidInternal: 
    WwiseObjectReference: {fileID: 11400000, guid: 723667b108867eb4294e6f733449fc42,
      type: 2}
  ring:
    idInternal: 0
    valueGuidInternal: 
    WwiseObjectReference: {fileID: 11400000, guid: f338549be3da85e4f9e066dc77f316ed,
      type: 2}
  pull:
    idInternal: 0
    valueGuidInternal: 
    WwiseObjectReference: {fileID: 11400000, guid: 6529087f32d10474987e77ba5527d370,
      type: 2}
  pullBuzz:
    idInternal: 0
    valueGuidInternal: 
    WwiseObjectReference: {fileID: 11400000, guid: f918c1a4529962b4e9d7585db7577dec,
      type: 2}
  pullBuzzExtra:
    idInternal: 0
    valueGuidInternal: 
    WwiseObjectReference: {fileID: 11400000, guid: 45b59c3661ade8145b5998ef460d4648,
      type: 2}
  stop:
    idInternal: 0
    valueGuidInternal: 
    WwiseObjectReference: {fileID: 11400000, guid: 82a69a4d1370fbc4c9e8d5f13121ed93,
      type: 2}
  onStill:
    m_PersistentCalls:
      m_Calls: []
  onPulled:
    m_PersistentCalls:
      m_Calls: []
  circle: {fileID: 8124486786751813715}
  imgState: {fileID: 5928029447518212572}
  data: {fileID: 11400000, guid: dc813e9b99cb96844ab4e6f746649144, type: 2}
  speaker: {fileID: 343007986044474948}
  isCheckedOut: 0
  helper:
    trigger: 0
    roomIndex: 0
    willRing: 0
    ringDelay: 0
    ringMaxDuration: 0
    leaveMessage: 0
    autoLeaveMessage: 0
    messageLive:
      idInternal: 0
      valueGuidInternal: 
      WwiseObjectReference: {fileID: 0}
    messageLeft:
      idInternal: 0
      valueGuidInternal: 
      WwiseObjectReference: {fileID: 0}
    messages: []
  currentMessage:
    messageSent: 0
    messageType: 0
    messageEvent:
      idInternal: 0
      valueGuidInternal: 
      WwiseObjectReference: {fileID: 0}
    ringInfo:
      delay: 0
      ringUntilPulled: 0
      duration: 0
      ringTime: 0
    cancellable: 0
    autoNext: 0
    nextPhoneIndex: 0
    stopTime: 0
    speakTime: 0
    useInvokeFromDuration: 0
    invokeDuration: 0
    phoneIndexAboveDuration: 0
    onMessageEnd:
      m_PersistentCalls:
        m_Calls: []
  previousMessage:
    messageSent: 0
    messageType: 0
    messageEvent:
      idInternal: 0
      valueGuidInternal: 
      WwiseObjectReference: {fileID: 0}
    ringInfo:
      delay: 0
      ringUntilPulled: 0
      duration: 0
      ringTime: 0
    cancellable: 0
    autoNext: 0
    nextPhoneIndex: 0
    stopTime: 0
    speakTime: 0
    useInvokeFromDuration: 0
    invokeDuration: 0
    phoneIndexAboveDuration: 0
    onMessageEnd:
      m_PersistentCalls:
        m_Calls: []
  currMessIndex: 0
  isPulled: 0
  phoneState: 0
  awaitingMessages: []
--- !u!1 &8229029376924829281
GameObject:
  m_ObjectHideFlags: 0
  m_CorrespondingSourceObject: {fileID: 0}
  m_PrefabInstance: {fileID: 0}
  m_PrefabAsset: {fileID: 0}
  serializedVersion: 6
  m_Component:
  - component: {fileID: 1293388713750278211}
  - component: {fileID: 6835078563974360777}
  - component: {fileID: 8124486786751813715}
  m_Layer: 5
  m_Name: ProgressCircle
  m_TagString: Untagged
  m_Icon: {fileID: 0}
  m_NavMeshLayer: 0
  m_StaticEditorFlags: 0
  m_IsActive: 1
--- !u!224 &1293388713750278211
RectTransform:
  m_ObjectHideFlags: 0
  m_CorrespondingSourceObject: {fileID: 0}
  m_PrefabInstance: {fileID: 0}
  m_PrefabAsset: {fileID: 0}
  m_GameObject: {fileID: 8229029376924829281}
  m_LocalRotation: {x: 0, y: 0, z: 0, w: 1}
  m_LocalPosition: {x: 0, y: 0, z: 0}
  m_LocalScale: {x: 1, y: 1, z: 1}
  m_Children: []
  m_Father: {fileID: 2390953395311020280}
  m_RootOrder: 0
  m_LocalEulerAnglesHint: {x: 0, y: 0, z: 0}
  m_AnchorMin: {x: 0, y: 0}
  m_AnchorMax: {x: 1, y: 1}
  m_AnchoredPosition: {x: 0, y: 0}
  m_SizeDelta: {x: 0, y: 0}
  m_Pivot: {x: 0.5, y: 0.5}
--- !u!222 &6835078563974360777
CanvasRenderer:
  m_ObjectHideFlags: 0
  m_CorrespondingSourceObject: {fileID: 0}
  m_PrefabInstance: {fileID: 0}
  m_PrefabAsset: {fileID: 0}
  m_GameObject: {fileID: 8229029376924829281}
  m_CullTransparentMesh: 0
--- !u!114 &8124486786751813715
MonoBehaviour:
  m_ObjectHideFlags: 0
  m_CorrespondingSourceObject: {fileID: 0}
  m_PrefabInstance: {fileID: 0}
  m_PrefabAsset: {fileID: 0}
  m_GameObject: {fileID: 8229029376924829281}
  m_Enabled: 1
  m_EditorHideFlags: 0
  m_Script: {fileID: 11500000, guid: fe87c0e1cc204ed48ad3b37840f39efc, type: 3}
  m_Name: 
  m_EditorClassIdentifier: 
  m_Material: {fileID: 0}
  m_Color: {r: 1, g: 1, b: 1, a: 1}
  m_RaycastTarget: 1
  m_OnCullStateChanged:
    m_PersistentCalls:
      m_Calls: []
  m_Sprite: {fileID: 21300000, guid: 1ef90339c83285340842a469eb7d1fc9, type: 3}
  m_Type: 3
  m_PreserveAspect: 0
  m_FillCenter: 1
  m_FillMethod: 4
  m_FillAmount: 0
  m_FillClockwise: 1
  m_FillOrigin: 0
  m_UseSpriteMesh: 0
  m_PixelsPerUnitMultiplier: 1
--- !u!1001 &6887983582737897443
PrefabInstance:
  m_ObjectHideFlags: 0
  serializedVersion: 2
  m_Modification:
    m_TransformParent: {fileID: 0}
    m_Modifications:
    - target: {fileID: -5740694052432228378, guid: eb21fe6ad350e7b4a981c3a27be23604,
        type: 3}
      propertyPath: m_Materials.Array.data[0]
      value: 
      objectReference: {fileID: 2100000, guid: f670af1f420c6a342bdaf6a4548845e7, type: 2}
    - target: {fileID: -4216859302048453862, guid: eb21fe6ad350e7b4a981c3a27be23604,
        type: 3}
      propertyPath: m_LocalPosition.x
      value: 0
      objectReference: {fileID: 0}
    - target: {fileID: -4216859302048453862, guid: eb21fe6ad350e7b4a981c3a27be23604,
        type: 3}
      propertyPath: m_LocalPosition.y
      value: 0
      objectReference: {fileID: 0}
    - target: {fileID: -4216859302048453862, guid: eb21fe6ad350e7b4a981c3a27be23604,
        type: 3}
      propertyPath: m_LocalPosition.z
      value: 0
      objectReference: {fileID: 0}
    - target: {fileID: -4216859302048453862, guid: eb21fe6ad350e7b4a981c3a27be23604,
        type: 3}
      propertyPath: m_LocalRotation.x
      value: 0
      objectReference: {fileID: 0}
    - target: {fileID: -4216859302048453862, guid: eb21fe6ad350e7b4a981c3a27be23604,
        type: 3}
      propertyPath: m_LocalRotation.y
      value: -0
      objectReference: {fileID: 0}
    - target: {fileID: -4216859302048453862, guid: eb21fe6ad350e7b4a981c3a27be23604,
        type: 3}
      propertyPath: m_LocalRotation.z
      value: -0
      objectReference: {fileID: 0}
    - target: {fileID: -4216859302048453862, guid: eb21fe6ad350e7b4a981c3a27be23604,
        type: 3}
      propertyPath: m_LocalRotation.w
      value: 1
      objectReference: {fileID: 0}
    - target: {fileID: -4216859302048453862, guid: eb21fe6ad350e7b4a981c3a27be23604,
        type: 3}
      propertyPath: m_RootOrder
      value: 0
      objectReference: {fileID: 0}
    - target: {fileID: -4216859302048453862, guid: eb21fe6ad350e7b4a981c3a27be23604,
        type: 3}
      propertyPath: m_LocalEulerAnglesHint.x
      value: 0
      objectReference: {fileID: 0}
    - target: {fileID: -4216859302048453862, guid: eb21fe6ad350e7b4a981c3a27be23604,
        type: 3}
      propertyPath: m_LocalEulerAnglesHint.y
      value: 0
      objectReference: {fileID: 0}
    - target: {fileID: -4216859302048453862, guid: eb21fe6ad350e7b4a981c3a27be23604,
        type: 3}
      propertyPath: m_LocalEulerAnglesHint.z
      value: 0
      objectReference: {fileID: 0}
    - target: {fileID: -1504981713932161579, guid: eb21fe6ad350e7b4a981c3a27be23604,
        type: 3}
      propertyPath: m_Materials.Array.data[0]
      value: 
      objectReference: {fileID: 2100000, guid: 877033a0cb7912a4e9b58191c4a02d25, type: 2}
    - target: {fileID: -927199367670048503, guid: eb21fe6ad350e7b4a981c3a27be23604,
        type: 3}
      propertyPath: m_Name
      value: Phone_Geo Variant
      objectReference: {fileID: 0}
    - target: {fileID: 4700836842495208134, guid: eb21fe6ad350e7b4a981c3a27be23604,
        type: 3}
      propertyPath: m_Materials.Array.data[0]
      value: 
      objectReference: {fileID: 2100000, guid: 6fed06b4e2a90ba4bb3310ef64278ce1, type: 2}
    - target: {fileID: 6581328475840119207, guid: eb21fe6ad350e7b4a981c3a27be23604,
        type: 3}
      propertyPath: m_RootOrder
      value: 2
      objectReference: {fileID: 0}
    m_RemovedComponents: []
  m_SourcePrefab: {fileID: 100100000, guid: eb21fe6ad350e7b4a981c3a27be23604, type: 3}
--- !u!1 &3222014944532745962 stripped
GameObject:
  m_CorrespondingSourceObject: {fileID: -927199367670048503, guid: eb21fe6ad350e7b4a981c3a27be23604,
    type: 3}
  m_PrefabInstance: {fileID: 6887983582737897443}
  m_PrefabAsset: {fileID: 0}
--- !u!4 &1940414124404587769 stripped
Transform:
  m_CorrespondingSourceObject: {fileID: -4216859302048453862, guid: eb21fe6ad350e7b4a981c3a27be23604,
    type: 3}
  m_PrefabInstance: {fileID: 6887983582737897443}
  m_PrefabAsset: {fileID: 0}
--- !u!4 &343007986044474948 stripped
Transform:
  m_CorrespondingSourceObject: {fileID: 6581328475840119207, guid: eb21fe6ad350e7b4a981c3a27be23604,
    type: 3}
  m_PrefabInstance: {fileID: 6887983582737897443}
  m_PrefabAsset: {fileID: 0}
