%YAML 1.1
%TAG !u! tag:unity3d.com,2011:
--- !u!114 &524963835312309887
MonoBehaviour:
  m_ObjectHideFlags: 0
  m_CorrespondingSourceObject: {fileID: 0}
  m_PrefabInstance: {fileID: 0}
  m_PrefabAsset: {fileID: 0}
  m_GameObject: {fileID: 3894643169653076878}
  m_Enabled: 1
  m_EditorHideFlags: 0
  m_Script: {fileID: 11500000, guid: d844d802d683da845a566d5ed7f24f50, type: 3}
  m_Name: 
  m_EditorClassIdentifier: 
  pawn: {fileID: 0}
  active: 1
  extraSize: 0
  onLookCatch:
    m_PersistentCalls:
      m_Calls:
      - m_Target: {fileID: 1158414754710738063}
        m_MethodName: EnterTraveller
        m_Mode: 0
        m_Arguments:
          m_ObjectArgument: {fileID: 0}
          m_ObjectArgumentAssemblyTypeName: UnityEngine.Object, UnityEngine
          m_IntArgument: 0
          m_FloatArgument: 0
          m_StringArgument: 
          m_BoolArgument: 0
        m_CallState: 2
--- !u!114 &1158414754710738063
MonoBehaviour:
  m_ObjectHideFlags: 0
  m_CorrespondingSourceObject: {fileID: 0}
  m_PrefabInstance: {fileID: 0}
  m_PrefabAsset: {fileID: 0}
  m_GameObject: {fileID: 3894643169653076878}
  m_Enabled: 1
  m_EditorHideFlags: 0
  m_Script: {fileID: 11500000, guid: c435326daa3542a488b2002691a7c653, type: 3}
  m_Name: 
  m_EditorClassIdentifier: 
  cam: {fileID: 3309827936862407851}
  portalScreen: {fileID: 8968504857495388880}
  camResDivision: 2
  portalType: 0
  flipCam: 0
  materialArrayUnlit: {fileID: 0}
  materialArrayLit: {fileID: 0}
  lit: 0
  clipProtection: 1
  otherPortal: {fileID: 0}
  flipped: {fileID: 2709899651601177290}
  blackHoleParent: {fileID: 0}
  blackHoleVisualEffect: {fileID: 0}
  blackHoleInstanceVFX: {fileID: 0}
  trigger: {fileID: 8770906027884283903}
  camData: {fileID: 0}
  traveller: {fileID: 0}
  onSend:
    m_PersistentCalls:
      m_Calls: []
  onReceive:
    m_PersistentCalls:
      m_Calls: []
  blackholeProfile: {fileID: 0}
  noBlackholeProfile: {fileID: 0}
  blackholeEvent:
    idInternal: 0
    valueGuidInternal: 
    WwiseObjectReference: {fileID: 0}
  sign: 0
  door: {fileID: 0}
  speedUpCurve:
    serializedVersion: 2
    m_Curve:
    - serializedVersion: 3
      time: 0
      value: 0.39622802
      inSlope: 0.16566071
      outSlope: 0.16566071
      tangentMode: 0
      weightedMode: 0
      inWeight: 0
      outWeight: 0.12797602
    - serializedVersion: 3
      time: 1
      value: 1
      inSlope: 1.6524664
      outSlope: 1.6524664
      tangentMode: 0
      weightedMode: 0
      inWeight: 0.045297384
      outWeight: 0
    m_PreInfinity: 2
    m_PostInfinity: 2
    m_RotationOrder: 4
  baseAttractForce: 1
  slowingEntity: 0
  percentToBlockEntity: 1
  percentToOpenDoor: 0.68
  percentToFadeScreen: 0.87
  percentToRetrieve: 0.25
  cutGlitch: {fileID: 11400000, guid: 41c263e31d01fcb4f9799fdc9d2a5186, type: 2}
  glitch: {fileID: 11400000, guid: f2a7cccf737bbaf4cbf242fc5beaf64a, type: 2}
  useForce: 0
  active: 1
  rtpcDistance:
    idInternal: 0
    valueGuidInternal: 
    WwiseObjectReference: {fileID: 11400000, guid: b548932729780f14eb0890b5d42f862d,
      type: 2}
--- !u!1 &9059219381204048360
GameObject:
  m_ObjectHideFlags: 0
  m_CorrespondingSourceObject: {fileID: 0}
  m_PrefabInstance: {fileID: 0}
  m_PrefabAsset: {fileID: 0}
  serializedVersion: 6
  m_Component:
  - component: {fileID: 129908400574720934}
  - component: {fileID: 6844793795620478812}
  - component: {fileID: 2847770374443394345}
  m_Layer: 0
  m_Name: Stopper
  m_TagString: Untagged
  m_Icon: {fileID: 0}
  m_NavMeshLayer: 0
  m_StaticEditorFlags: 0
  m_IsActive: 0
--- !u!4 &129908400574720934
Transform:
  m_ObjectHideFlags: 0
  m_CorrespondingSourceObject: {fileID: 0}
  m_PrefabInstance: {fileID: 0}
  m_PrefabAsset: {fileID: 0}
  m_GameObject: {fileID: 9059219381204048360}
  m_LocalRotation: {x: -0, y: -0, z: -0, w: 1}
  m_LocalPosition: {x: 0, y: 0, z: 0}
  m_LocalScale: {x: 1, y: 1, z: 1}
  m_Children: []
  m_Father: {fileID: 24722016733249949}
  m_RootOrder: 6
  m_LocalEulerAnglesHint: {x: 0, y: 0, z: 0}
--- !u!114 &6844793795620478812
MonoBehaviour:
  m_ObjectHideFlags: 0
  m_CorrespondingSourceObject: {fileID: 0}
  m_PrefabInstance: {fileID: 0}
  m_PrefabAsset: {fileID: 0}
  m_GameObject: {fileID: 9059219381204048360}
  m_Enabled: 1
  m_EditorHideFlags: 0
  m_Script: {fileID: 11500000, guid: f84829607c7c4aa4c83943a6e8151396, type: 3}
  m_Name: 
  m_EditorClassIdentifier: 
  tags:
  - Player
  onTriggerEnt:
    m_PersistentCalls:
      m_Calls:
      - m_Target: {fileID: 1158414754710738063}
        m_MethodName: Disable
        m_Mode: 1
        m_Arguments:
          m_ObjectArgument: {fileID: 0}
          m_ObjectArgumentAssemblyTypeName: UnityEngine.Object, UnityEngine
          m_IntArgument: 0
          m_FloatArgument: 0
          m_StringArgument: 
          m_BoolArgument: 0
        m_CallState: 2
      - m_Target: {fileID: 1158414754710738063}
        m_MethodName: RetrieveEntityForTransition
        m_Mode: 1
        m_Arguments:
          m_ObjectArgument: {fileID: 0}
          m_ObjectArgumentAssemblyTypeName: UnityEngine.Object, UnityEngine
          m_IntArgument: 0
          m_FloatArgument: 0
          m_StringArgument: 
          m_BoolArgument: 0
        m_CallState: 2
  onTriggerEx:
    m_PersistentCalls:
      m_Calls: []
  nbMax: 1
  active: 1
--- !u!65 &2847770374443394345
BoxCollider:
  m_ObjectHideFlags: 0
  m_CorrespondingSourceObject: {fileID: 0}
  m_PrefabInstance: {fileID: 0}
  m_PrefabAsset: {fileID: 0}
  m_GameObject: {fileID: 9059219381204048360}
  m_Material: {fileID: 0}
  m_IsTrigger: 1
  m_Enabled: 1
  serializedVersion: 2
  m_Size: {x: 1.34, y: 1, z: 0.92}
  m_Center: {x: 0, y: 0, z: 0}
--- !u!1001 &7148537640653533938
PrefabInstance:
  m_ObjectHideFlags: 0
  serializedVersion: 2
  m_Modification:
    m_TransformParent: {fileID: 0}
    m_Modifications:
    - target: {fileID: 4554152205538337989, guid: c5a5c79f41a230b44a1498ef98f36f17,
        type: 3}
      propertyPath: m_Materials.Array.data[0]
      value: 
      objectReference: {fileID: 2100000, guid: b30c5f9820570564cb8f3f52255295fe, type: 2}
    - target: {fileID: 5375122811749759696, guid: c5a5c79f41a230b44a1498ef98f36f17,
        type: 3}
      propertyPath: generator
      value: 
      objectReference: {fileID: 0}
    - target: {fileID: 5375122811749759696, guid: c5a5c79f41a230b44a1498ef98f36f17,
        type: 3}
      propertyPath: handler.roomTileset
      value: 
      objectReference: {fileID: 11400000, guid: 9421eaa13e531bc4db9d8f21c878e40b,
        type: 2}
    - target: {fileID: 5375122811749759696, guid: c5a5c79f41a230b44a1498ef98f36f17,
        type: 3}
      propertyPath: handler.cape
      value: 2
      objectReference: {fileID: 0}
    - target: {fileID: 5375122811749759696, guid: c5a5c79f41a230b44a1498ef98f36f17,
        type: 3}
      propertyPath: handler.parent
      value: 
      objectReference: {fileID: 0}
    - target: {fileID: 5375122811749759696, guid: c5a5c79f41a230b44a1498ef98f36f17,
        type: 3}
      propertyPath: handler.alignDirection.x
      value: -1
      objectReference: {fileID: 0}
    - target: {fileID: 5375122811749759696, guid: c5a5c79f41a230b44a1498ef98f36f17,
        type: 3}
      propertyPath: handler.alignDirection.z
      value: -0.0000011622905
      objectReference: {fileID: 0}
    - target: {fileID: 5375122811749759696, guid: c5a5c79f41a230b44a1498ef98f36f17,
        type: 3}
      propertyPath: handler.startOffset.x
      value: -0
      objectReference: {fileID: 0}
    - target: {fileID: 5375122811749759696, guid: c5a5c79f41a230b44a1498ef98f36f17,
        type: 3}
      propertyPath: handler.startOffset.z
      value: -3.85
      objectReference: {fileID: 0}
    - target: {fileID: 5375122811749759696, guid: c5a5c79f41a230b44a1498ef98f36f17,
        type: 3}
      propertyPath: handler.floorParents.Array.data[0]
      value: 
      objectReference: {fileID: 0}
    - target: {fileID: 5375122811749759696, guid: c5a5c79f41a230b44a1498ef98f36f17,
        type: 3}
      propertyPath: typeName
      value: DoorAttract
      objectReference: {fileID: 0}
    - target: {fileID: 6140720007912030588, guid: c5a5c79f41a230b44a1498ef98f36f17,
        type: 3}
      propertyPath: m_Name
      value: Wall_Geo_Door Attract
      objectReference: {fileID: 0}
    - target: {fileID: 7161675134140281711, guid: c5a5c79f41a230b44a1498ef98f36f17,
        type: 3}
      propertyPath: m_LocalPosition.x
      value: -1.5
      objectReference: {fileID: 0}
    - target: {fileID: 7161675134140281711, guid: c5a5c79f41a230b44a1498ef98f36f17,
        type: 3}
      propertyPath: m_LocalPosition.y
      value: 0
      objectReference: {fileID: 0}
    - target: {fileID: 7161675134140281711, guid: c5a5c79f41a230b44a1498ef98f36f17,
        type: 3}
      propertyPath: m_LocalPosition.z
      value: -0.000000163913
      objectReference: {fileID: 0}
    - target: {fileID: 7161675134140281711, guid: c5a5c79f41a230b44a1498ef98f36f17,
        type: 3}
      propertyPath: m_LocalRotation.x
      value: -0
      objectReference: {fileID: 0}
    - target: {fileID: 7161675134140281711, guid: c5a5c79f41a230b44a1498ef98f36f17,
        type: 3}
      propertyPath: m_LocalRotation.y
      value: -0
      objectReference: {fileID: 0}
    - target: {fileID: 7161675134140281711, guid: c5a5c79f41a230b44a1498ef98f36f17,
        type: 3}
      propertyPath: m_LocalRotation.z
      value: -0
      objectReference: {fileID: 0}
    - target: {fileID: 7161675134140281711, guid: c5a5c79f41a230b44a1498ef98f36f17,
        type: 3}
      propertyPath: m_LocalRotation.w
      value: 1
      objectReference: {fileID: 0}
    - target: {fileID: 7161675134140281711, guid: c5a5c79f41a230b44a1498ef98f36f17,
        type: 3}
      propertyPath: m_RootOrder
      value: 0
      objectReference: {fileID: 0}
    - target: {fileID: 7161675134140281711, guid: c5a5c79f41a230b44a1498ef98f36f17,
        type: 3}
      propertyPath: m_LocalEulerAnglesHint.x
      value: 0
      objectReference: {fileID: 0}
    - target: {fileID: 7161675134140281711, guid: c5a5c79f41a230b44a1498ef98f36f17,
        type: 3}
      propertyPath: m_LocalEulerAnglesHint.y
      value: 0
      objectReference: {fileID: 0}
    - target: {fileID: 7161675134140281711, guid: c5a5c79f41a230b44a1498ef98f36f17,
        type: 3}
      propertyPath: m_LocalEulerAnglesHint.z
      value: 0
      objectReference: {fileID: 0}
    - target: {fileID: 7664332726176004250, guid: c5a5c79f41a230b44a1498ef98f36f17,
        type: 3}
      propertyPath: m_RootOrder
      value: 7
      objectReference: {fileID: 0}
    - target: {fileID: 7871298377088904093, guid: c5a5c79f41a230b44a1498ef98f36f17,
        type: 3}
      propertyPath: m_Materials.Array.data[0]
      value: 
      objectReference: {fileID: 0}
    - target: {fileID: 7871298377088904093, guid: c5a5c79f41a230b44a1498ef98f36f17,
        type: 3}
      propertyPath: m_Materials.Array.data[1]
      value: 
      objectReference: {fileID: 0}
    - target: {fileID: 8517427250660793369, guid: c5a5c79f41a230b44a1498ef98f36f17,
        type: 3}
      propertyPath: autoClose
      value: 1
      objectReference: {fileID: 0}
    - target: {fileID: 8517427250660793369, guid: c5a5c79f41a230b44a1498ef98f36f17,
        type: 3}
      propertyPath: duration
      value: 7
      objectReference: {fileID: 0}
    - target: {fileID: 8517427250660793369, guid: c5a5c79f41a230b44a1498ef98f36f17,
        type: 3}
      propertyPath: finishedEvent.WwiseObjectReference
      value: 
      objectReference: {fileID: 0}
    m_RemovedComponents:
    - {fileID: 1536943126056452534, guid: c5a5c79f41a230b44a1498ef98f36f17, type: 3}
  m_SourcePrefab: {fileID: 100100000, guid: c5a5c79f41a230b44a1498ef98f36f17, type: 3}
--- !u!1 &3894643169653076878 stripped
GameObject:
  m_CorrespondingSourceObject: {fileID: 6140720007912030588, guid: c5a5c79f41a230b44a1498ef98f36f17,
    type: 3}
  m_PrefabInstance: {fileID: 7148537640653533938}
  m_PrefabAsset: {fileID: 0}
--- !u!4 &24722016733249949 stripped
Transform:
  m_CorrespondingSourceObject: {fileID: 7161675134140281711, guid: c5a5c79f41a230b44a1498ef98f36f17,
    type: 3}
  m_PrefabInstance: {fileID: 7148537640653533938}
  m_PrefabAsset: {fileID: 0}
--- !u!65 &8770906027884283903 stripped
BoxCollider:
  m_CorrespondingSourceObject: {fileID: 1912958453061104909, guid: c5a5c79f41a230b44a1498ef98f36f17,
    type: 3}
  m_PrefabInstance: {fileID: 7148537640653533938}
  m_PrefabAsset: {fileID: 0}
--- !u!23 &8968504857495388880 stripped
MeshRenderer:
  m_CorrespondingSourceObject: {fileID: 2252418540697645090, guid: c5a5c79f41a230b44a1498ef98f36f17,
    type: 3}
  m_PrefabInstance: {fileID: 7148537640653533938}
  m_PrefabAsset: {fileID: 0}
--- !u!20 &3309827936862407851 stripped
Camera:
  m_CorrespondingSourceObject: {fileID: 5681972510685445721, guid: c5a5c79f41a230b44a1498ef98f36f17,
    type: 3}
  m_PrefabInstance: {fileID: 7148537640653533938}
  m_PrefabAsset: {fileID: 0}
--- !u!4 &2709899651601177290 stripped
Transform:
  m_CorrespondingSourceObject: {fileID: 5093512337773373496, guid: c5a5c79f41a230b44a1498ef98f36f17,
    type: 3}
  m_PrefabInstance: {fileID: 7148537640653533938}
  m_PrefabAsset: {fileID: 0}
